<record><leader>00000cas a2200000 a 4500</leader><controlfield tag="001">12309544</controlfield><controlfield tag="008">850726d18791882iluwr ne      0    0eng c</controlfield><datafield ind1=" " ind2=" " tag="010"><subfield code="a">sn 85038350 </subfield></datafield><datafield ind1=" " ind2=" " tag="040"><subfield code="a">NPY</subfield><subfield code="b">eng</subfield><subfield code="c">NPY</subfield><subfield code="d">NVF</subfield><subfield code="d">UIU</subfield><subfield code="d">OCLCO</subfield><subfield code="d">OCLCQ</subfield><subfield code="d">OCLCF</subfield></datafield><datafield ind1="1" ind2=" " tag="029"><subfield code="a">AU@</subfield><subfield code="b">000020383688</subfield></datafield><datafield ind1=" " ind2=" " tag="042"><subfield code="a">pcc</subfield></datafield><datafield ind1=" " ind2=" " tag="043"><subfield code="a">n-us-il</subfield></datafield><datafield ind1="0" ind2="0" tag="245"><subfield code="a">Bloomington weekly pantagraph.</subfield></datafield><datafield ind1="1" ind2="3" tag="246"><subfield code="a">Pantagraph</subfield></datafield><datafield ind1=" " ind2=" " tag="260"><subfield code="a">Bloomington, Ill. :</subfield><subfield code="b">W.O. Davis,</subfield><subfield code="c">1879-1882.</subfield></datafield><datafield ind1=" " ind2=" " tag="300"><subfield code="a">v.</subfield></datafield><datafield ind1=" " ind2=" " tag="310"><subfield code="a">Weekly</subfield></datafield><datafield ind1="0" ind2=" " tag="362"><subfield code="a">Vol. 33, no. 1 (Jan. 3, 1879)-v. 36, no. 52 (Dec. 29, 1882) = whole no. 2294-whole no. 2496.</subfield></datafield><datafield ind1=" " ind2=" " tag="530"><subfield code="a">Preservation microfilmed by the University of Illinois at Urbana-Champaign Library as part of the United States Newspaper Program; the years 1879-1882 (on 1 microfilm reel) are available for purchase from OCLC Preservation Service Centers.</subfield></datafield><datafield ind1=" " ind2=" " tag="583"><subfield code="a">Microfilmed.</subfield><subfield code="c">2009</subfield><subfield code="z">Master negative no. HER WP 006, for ordering information contact University of Illinois at Urbana, Preservation Department.</subfield><subfield code="5">IU</subfield><subfield code="2">pda</subfield></datafield><datafield ind1=" " ind2="0" tag="651"><subfield code="a">Bloomington (Ill.)</subfield><subfield code="v">Newspapers.</subfield></datafield><datafield ind1=" " ind2="7" tag="655"><subfield code="a">Newspapers.</subfield><subfield code="2">fast</subfield><subfield code="0">(OCoLC)fst01423814</subfield></datafield><datafield ind1=" " ind2="7" tag="651"><subfield code="a">Illinois</subfield><subfield code="z">Bloomington.</subfield><subfield code="2">fast</subfield><subfield code="0">(OCoLC)fst01205022</subfield></datafield><datafield ind1=" " ind2=" " tag="752"><subfield code="a">United States</subfield><subfield code="b">Illinois</subfield><subfield code="c">McLean</subfield><subfield code="d">Bloomington.</subfield></datafield><datafield ind1="0" ind2=" " tag="775"><subfield code="t">Bloomington daily pantagraph (Bloomington, Ill. : 1879)</subfield><subfield code="w">(DLC)sn 85033727</subfield><subfield code="w">(OCoLC)12220549</subfield></datafield><datafield ind1="0" ind2="0" tag="780"><subfield code="t">Bloomington pantagraph (Bloomington, Ill. : Weekly)</subfield><subfield code="w">(DLC)sn 85033647</subfield><subfield code="w">(OCoLC)12147874</subfield></datafield><datafield ind1="0" ind2="0" tag="785"><subfield code="t">Weekly pantagraph (Bloomington, Ill. : 1883)</subfield><subfield code="w">(DLC)sn 85038351</subfield><subfield code="w">(OCoLC)12309794</subfield></datafield></record>